@book{Hacking,
title = {Hacking:The arf of exploitation},
publisher = {William Pollock},
year = {2007},
author = {Jon Erickson}
}

@manual{Intel,
title = {Intel® 64 and IA-32 Architectures Software Developer’s Manual},
author = {Intel},
year = {2012},
month = {5}
}

@book{0day安全,
title = {0day安全:软件漏洞分析技术},
publisher = {电子工业出版社},
author = {王清},
year = {2011},
edition = {2}
}

@book{shellcodebook,
title = {The Shellcoders handbook},
publisher = {Wiley Publishing},
edition = {2},
year = {2007}
}